%%
%% WinShell 3.3.2.0
%% http://www.winshell.org/
%%

% Strings


% Preamble


% BibTeX Entries
@book{Gonzalez:1992,
 address              = {Reading, Massachusetts},
 author               = {R. Gonzalez and R. Woods},
 publisher            = {Addison - Wesley Publishing Company},
 title                = {Digital image processing},
 year                 = {1992},
 }





























































